@article{Minaeva201644,
title = "Scalable and efficient configuration of time-division multiplexed resources ",
journal = "Journal of Systems and Software ",
volume = "113",
number = "",
pages = "44 - 58",
year = "2016",
note = "",
issn = "0164-1212",
doi = "http://dx.doi.org/10.1016/j.jss.2015.11.019",
url = "http://www.sciencedirect.com/science/article/pii/S0164121215002447",
author = "Anna Minaeva and Přemysl Šůcha and Benny Akesson and Zdeněk Hanzálek",
keywords = "Real-time systems",
keywords = "Resource scheduling",
keywords = "Branch-and-price "
}

http://page.math.tu-berlin.de/~welz/Welz_Route_Planning_for_Robot_Systems.pdf

https://mail-attachment.googleusercontent.com/attachment/u/0/?ui=2&ik=9cfd294df9&view=att&th=15728144fe1494cf&attid=0.1&disp=inline&safe=1&zw&saddbat=ANGjdJ_4B1J7DsgRCLUvAVZlOe-CGQpRDZyQMNxstQYU9EVBOay15oO7WHlW8EzXm4469ckk09phRqII7nWlGuowSrUPK8rNbI_dFHaImobddq0SWZCiKp9BhK83cTCAe3frOuh8cQStA7pUG6gU0X_dYk7bXszyaRa3AXRwiWoTlHlyIpcJsL6IMoi59lOUOrL-iSIXnM41bXzsITSZoY_CpHHQKS7dh04lJsL8vhNhqgGVBF_t4BZDxcMakaIieKcGNTGwHQGxJ68WRCrIfB8AT4AJ60XUpeuRUtf34FWrxOgSJ1r7UyvoSUpKTDsMlvOAeJnYZWQFKYVgCKzFjSLHtl3z_fLh0d4cg5fn-aZK7U6tyu71kB9p81waMQesOvyARL-qE8y8zzNxX2W93zrNjju6IdmQoQqQyWypJyzSceFvsjU7O9FnfVLyPEwbDej0A4F-v6UPa4y_G2yg3ilyvgIaWcXB3y3PrsXH23aS4YEbAVDUGM-LibwitlbHiaoSpTAlVnBBZYuAFXOqCjwn0g5UTYiGe6L-_yMtoatRDbvG8Rw7f7q4Hi-MkqbkD3J8QdiYe4f-minDkX0FYVtc0JFQicHY20mipm7YzFjrNmk2KCws-AS-QmBR0mRe9OBMtqss5_9OwSZwvgbZ3zJopGc7mQX5ssmfWHjoVQ